% fichamento 1
@article{saldias2002metodologia,
  title={Metodologia para a constru{\c{c}}{\~a}o de interfaces adapt{\'a}veis em sistemas tutores inteligentes},
  author={Sald{\'\i}as, Gloria Millaray J Curilem and others},
  year={2002},
  publisher={Florian{\'o}polis, SC}
}

% fichamento 2
@article{bertoletti1997sagres,
  title={SAGRES: um sistema com apresenta{\c{c}}{\~a}o adapt{\'a}vel de informa{\c{c}}{\~o}es e suporte {\`a} intera{\c{c}}{\~a}o em grupo},
  author={Bertoletti, Ana Carolina},
  year={1997}
}

% fichamento 3
@article{serra2004aplicaccoes,
  title={Aplica{\c{c}}{\~o}es de aprendizagem por refor{\c{c}}o em controle de tr{\'a}fego veicular urbano},
  author={Serra, Maur{\'\i}cio Rangel Guimar{\~a}es and others},
  year={2004},
  publisher={Florian{\'o}polis, SC}
}

%fichamento 5
@inproceedings{meneses2003indicadores,
  title={Indicadores de Desempenho para Sistemas Centralizados de Controle do Tr{\'a}fego Urbano em Tempo Real},
  author={Meneses, Hamifrancy Brito and Leandro, Carlos Henrique Pires and Loureiro, Carlos Felipe Grangeiro},
  booktitle={XVII Congresso da ANPET},
  year={2003}
}

%fichamento 6
@article{de2002controle,
  title={Controle {\'O}timo de um Cruzamento Automatizado de Tr{\'a}fego Urbano},
  author={de Oliveira, R{\^o}mulo S and Farges, Jean-Loup and Moreira, Guilherme O and Kraus Jr, Werner and Toulouse, Fran{\c{c}}a},
  year={2002}
}

%fichamento 7
@article{schmitz2002uso,
  title={Uso de SMA para avaliar estrat{\'e}gias de decis{\~a}o no controle de tr{\'a}fego urbano},
  author={Schmitz, Marcelo and H{\"u}bner, Jomi Fred},
  journal={Semin{\'a}rio de Computa{\c{c}}{\~a}o em Blumenau-SC},
  pages={243--254},
  year={2002}
}


%fichamento 10
@article{dalla2013semaforos,
  title={Sem{\'a}foros adaptativos, uma abordagem baseada em intelig{\^e}ncia de enxames para a mobilidade urbana},
  author={Dalla Vecchia, Alessandro},
  year={2013}
}


%fichamento 11
@article{silveira2012universidade,
  title={UNIVERSIDADE DO ESTADO DE SANTA CATARINA BACHARELADO EM CI{\^E}NCIA DA COMPUTA{\c{C}}{\~A}O},
  author={SILVEIRA, FELIPE KR{\"U}GER and DE TR{\^A}NSITO, CONTROLE INTELIGENTE DE SEM{\'A}FOROS and FUN{\c{C}}{\~O}ES, UTILIZANDO REDES NEURAIS ARTIFICIAIS COM and DE BASE, RADIAL},
  year={2012}
}

%fichamento 14
@article{trentin2011modelagem,
  title={Modelagem da din{\^a}mica espacial urbana: modelo de aut{\^o}mato celular na simula{\c{c}}{\~a}o de cen{\'a}rios para o munic{\'\i}pio de Americana-SP},
  author={Trentin, Gracieli and Freitas, Maria Isabel Castreghini de},
  journal={Revista Brasileira de Cartografia},
  number={62},
  year={2011}
}
